<?xml version="1.0" encoding="UTF-8"?><record xmlns="http://www.loc.gov/MARC21/slim" xmlns:cinclude="http://apache.org/cocoon/include/1.0" xmlns:zs="http://www.loc.gov/zing/srw/">
  <leader>00480cz  a2200133n  4500</leader>
  <controlfield tag="001">n 2011185176</controlfield>
  <controlfield tag="003">DLC</controlfield>
  <controlfield tag="005">20111207075004.0</controlfield>
  <controlfield tag="008">111109n| acannaabn          |n aaa      </controlfield>
  <datafield tag="010" ind1=" " ind2=" ">
    <subfield code="a">n 2011185176</subfield>
  </datafield>
  <datafield tag="035" ind1=" " ind2=" ">
    <subfield code="a">(OCoLC)oca09031513</subfield>
  </datafield>
  <datafield tag="040" ind1=" " ind2=" ">
    <subfield code="a">DNLM</subfield>
    <subfield code="b">eng</subfield>
    <subfield code="c">DNLM</subfield>
    <subfield code="d">OCoLC</subfield>
  </datafield>
  <datafield tag="100" ind1="1" ind2=" ">
    <subfield code="a">MacMahon, Heber</subfield>
  </datafield>
  <datafield tag="670" ind1=" " ind2=" ">
    <subfield code="a">Chest disease (fifth series), 1996:</subfield>
    <subfield code="b">t.p. (Heber MacMahon, M.D.) p. iii (prof. of radiol. &amp; dir., Sect. of Thoracic Imaging, Dept. of Radiol., the Univ. of Chicago, Chicago, Ill.)</subfield>
  </datafield>
</record>